@online{Architecture01,
  author =       "Gene Gotimer",
  year =         "2017",
  title =        "An Agile Approach to Software Architecture",
  url =          "https://www.agileconnection.com/article/agile-approach-software-architecture",
  month =        june,
}

@online{Agile01,
  author =       "Carlos Pliego",
  year =         "2018",
  title =        "Software Architecture — In an agile environment",
  url = "https://medium.com/@carlospliego/agile-software-development-and-architecture-3dbb243fcbd2",
  lastaccessed = "February 03, 2018",
}

@online{Architecture02,
  author =       "Scott W. Ambler",
  year =         "2018",
  title =        "Agile Architecture: Strategies for Scaling Agile Development",
  url =          "http://agilemodeling.com/essays/agileArchitecture.htm",
}

@online{Architecture04,
  author =       "Mehdi Mekni, Gayathri Buddhavarapu, Sandeep Chinthapatla, Mounika G",
  year =         "2018",
  title =        "Software Architectural Design in Agile Environments",
  url =          "",
}

@online{Architecture05,
  author =       "Divya Yadamreddi",
  year =         "2018",
  title =        "Agile Practices",
  url =          "",
}


@online{Architecture01,
  author =       "Gene Gotimer",
  year =         "2017",
  title =        "An Agile Approach to Software Architecture",
  url = "https://medium.com/gomycode/why-agile-development-c88f88e974a5",
  month =        june,
}
	

@article{freeman01,
 author = {Freeman, Peter and Hart, David},
 title = {A Science of Design for Software-intensive Systems},
 journal = {Commun. ACM},
 issue_date = {August 2004},
 volume = {47},
 number = {8},
 month = aug,
 year = {2004},
 issn = {0001-0782},
 pages = {19--21},
 numpages = {3},
 url = {http://doi.acm.org/10.1145/1012037.1012054},
 doi = {10.1145/1012037.1012054},
 acmid = {1012054},
 publisher = {ACM},
 address = {New York, NY, USA},
} 
